@Book{ evans,
    author = {Lawrence C. Evans},
    title = {Równania różniczkowe cząstkowe},
    publisher = {Wydawnictwo Naukowe PWN},
    year = 2002,
}

@Book{ landau,
    author = {Lew D. Landau and Jewgienij M. Lifszyc},
    title = {Hydrodynamika},
    publisher = {Wydawnictwo Naukowe PWN},
    year = 2009,
}

@Book{ mcquarie3,
    author = {Donald A. McQuarrie},
    title = {Matematyka dla przyrodników i inżynierów, t. 3},
    publisher = {Wydawnictwo Naukowe PWN},
    year = 2006,
}

@Book{ maurin2,
    author = {Krzysztof Maurin},
    title = {Analiza, Wstęp do analizy globalnej},
    publisher = {Państwowe Wydawnictwo Naukowe},
    year = 1971,
}

@Book { tu,
    author = {Loring W. Tu},
    title = {An Introduction to Manifolds},
    publisher = {Springer Science \& Business Media},
    year = 2010,
}

@Book { herdegen,
    author = {Andrzej Herdegen},
    title = {Algebra liniowa i geometria},
    publisher = {Wydawnictwo Discepto},
    year = 2010,
}

@Book { marsden,
    author = {Jerrold E. Marsden and Tudor Ratiu and Ralph Abraham},
    title = {Manifolds, Tensor Analysis,
        and Applications.},
    publisher = {Springer-Verlag Publishing Company, Inc.},
    year = 2002,
}
@Book { lee,
    author =  {John M. Lee},
    title  = {Introduction to Smooth Manifolds},
    publisher = {Springer Science+Business Media},
    year = 2012,
}
